% Encoding: UTF-8


@Inbook{Leser2005,
  Title                    = {Viktor E. Frankls Kampf gegen den Reduktionismus},
  Booktitle                = {Viktor Frankl und die Philosophie},
  Author                   = {Leser, Norbert},
  Editor                   = {Batthy{\'a}ny, Dominik and Zsok, Otto},
  Year                     = {2005},
  Location                 = {Wien},
  Pages                    = {1--12},
  Publisher                = {Springer}
}

@Book{Frankl1996,
  Title                    = {{Der leidende Mensch}},
  Author                   = {Frankl, Viktor E},
  Publisher                = {Verlag Hans Huber},
  Location                 = {Bern},
  Year                     = {1996},
  Edition                  = {2}
}

@Book{Frankl2015,
  Title                    = {{\"A}rztliche Seelsorge},
  Author                   = {Frankl, Viktor E},
  Publisher                = {dtv},
  Location                 = {M{\"u}nchen},
  Year                     = {2015},
  Edition                  = {6}
}

@Inbook{Hoefler1906,
  Title                    = {Sind wir Psychologisten?},
  Booktitle                = {Atti del v Congresso internazionale di psicologia},
  Author                   = {H{\"o}fler, Alois},
  Year                     = {1906},
  Location                 = {Roma},
  Pages                    = {322--328},
  URL                      = {https://archive.org/stream/attidelvcongres00sancgoog/attidelvcongres00sancgoog_djvu.txt}
}

@Thesis{Moog1919,
  Title                    = {Logik, Psychologie und Psychologismus},
  Author                   = {Moog, Willy},
  Type                     = {Wissenschaftssystematische Untersuchung},
  Publisher                = {Niemeyer},
  Location                 = {Halle a. d. Saale},
  Year                     = {1919},
  URL                      = {http://www.gleichsatz.de/b-u-t/archiv/psylog/moog1.html}
}

